<?xml version="1.0" encoding="UTF-8"?><collection xmlns="http://www.loc.gov/MARC21/slim"><record><leader>00417nam--2200145-i-4500</leader><controlfield tag="001">000044823</controlfield><controlfield tag="002">20161230</controlfield><controlfield tag="005">20161230201044</controlfield><controlfield tag="008">060222s1000------------r-----000-0-eng-d</controlfield><datafield ind1=" " ind2=" " tag="080"><subfield code="a">510.6</subfield></datafield><datafield ind1=" " ind2=" " tag="100"><subfield code="a">Tirnoveanu, Mircea</subfield></datafield><datafield ind1=" " ind2=" " tag="245"><subfield code="a">Elemente de logica matematica. vol.1: logica propozitiilor bivalente</subfield></datafield><datafield ind1=" " ind2=" " tag="260"><subfield code="a">Bucuresti, Ed.Didact.Si Pedag., 1964, 517p</subfield></datafield><datafield ind1=" " ind2=" " tag="852"><subfield code="a">9875</subfield><subfield code="c">517.11</subfield></datafield><datafield ind1=" " ind2=" " tag="CAT"><subfield code="a">Sys</subfield><subfield code="c">20080715</subfield><subfield code="h">091017</subfield></datafield></record></collection>